@Article{Valiron1997,
  author    = {Valiron, Pierre and Mayer, István},
  journal   = {Chemical Physics Letters},
  title     = {Hierarchy of counterpoise corrections for N-body clusters: generalization of the Boys-Bernardi scheme},
  year      = {1997},
  issn      = {0009-2614},
  month     = aug,
  number    = {1–2},
  pages     = {46--55},
  volume    = {275},
  doi       = {10.1016/s0009-2614(97)00689-1},
  publisher = {Elsevier BV},
}

@Article{Boys1970,
  author    = {Boys, S.F. and Bernardi, F.},
  journal   = {Molecular Physics},
  title     = {The calculation of small molecular interactions by the differences of separate total energies. Some procedures with reduced errors},
  year      = {1970},
  issn      = {1362-3028},
  month     = oct,
  number    = {4},
  pages     = {553--566},
  volume    = {19},
  doi       = {10.1080/00268977000101561},
  publisher = {Informa UK Limited},
}

@Book{Mayer2003,
  author    = {Mayer, István},
  publisher = {Springer US},
  title     = {Simple Theorems, Proofs, and Derivations in Quantum Chemistry},
  year      = {2003},
  chapter      = {(2,6)},
  isbn      = {9781475765199},
  doi       = {10.1007/978-1-4757-6519-9},
  issn      = {1568-217X},
  journal   = {Mathematical and Computational Chemistry},
}

@Book{Szabo2012,
  author    = {Szabo, Attila},
  editor    = {Neil S. Ostlund},
  publisher = {Dover Publications, Inc.},
  title     = {Modern quantum chemistry},
  year      = {2012},
  address   = {Mineola, New York},
  isbn      = {0486134598},
  chapter    = {(1,3)},
  subtitle  = {Introduction to advanced electronic structure theory},
}

@Article{Duijneveldt1994,
  author    = {van Duijneveldt, Frans B. and van Duijneveldt-van de Rijdt, Jeanne G. C. M. and van Lenthe, Joop H.},
  journal   = {Chemical Reviews},
  title     = {State of the Art in Counterpoise Theory},
  year      = {1994},
  issn      = {1520-6890},
  month     = nov,
  number    = {7},
  pages     = {1873--1885},
  volume    = {94},
  doi       = {10.1021/cr00031a007},
  publisher = {American Chemical Society (ACS)},
}

@Article{White1990,
  author    = {White, Julia C. and Davidson, Ernest R.},
  journal   = {The Journal of Chemical Physics},
  title     = {An analysis of the hydrogen bond in ice},
  year      = {1990},
  issn      = {1089-7690},
  month     = dec,
  number    = {11},
  pages     = {8029--8035},
  volume    = {93},
  doi       = {10.1063/1.459332},
  publisher = {AIP Publishing},
}

@Book{Hammack2018,
  author    = {Hammack, Richard H.},
  publisher = {Richard Hammack},
  title     = {Book of Proof},
  year      = {2018},
  isbn      = {9780989472128},
  pages     = {368},
}

@Book{Beeler2015,
  author    = {Beeler, Robert A.},
  publisher = {Springer},
  title     = {How to Count},
  year      = {2015},
  address   = {Cham [u.a.]},
  isbn      = {9783319138442},
  series    = {SpringerLink},
  pagetotal = {361612},
  ppn_gvk   = {1655896911},
  subtitle  = {An Introduction to Combinatorics and Its Applications},
}